@article{black1973pricing,
  title={The pricing of options and corporate liabilities},
  author={Black, Fischer and Scholes, Myron},
  journal={Journal of Political Economy},
  volume={81},
  number={3},
  pages={637--654},
  year={1973},
  publisher={University of Chicago Press}
}

@article{grinko2019iterative,
  title={Iterative quantum amplitude estimation},
  author={Grinko, Denis and Gacon, Julien and Zoufal, Christian and Woerner, Stefan},
  journal={arXiv preprint arXiv:1912.05559},
  year={2019}
}

@article{venegas2012quantum,
  title={Quantum walks: a comprehensive review},
  author={Venegas-Andraca, Salvador El√≠as},
  journal={Quantum Information Processing},
  volume={11},
  number={5},
  pages={1015--1106},
  year={2012},
  publisher={Springer}
}

@article{meyer1996quantum,
  title={From quantum cellular automata to quantum lattice gases},
  author={Meyer, David A},
  journal={Journal of Statistical Physics},
  volume={85},
  number={5},
  pages={551--574},
  year={1996},
  publisher={Springer}
}

@book{baaquie2007quantum,
  title={Quantum Finance: Path Integrals and Hamiltonians for Options and Interest Rates},
  author={Baaquie, Belal E},
  year={2007},
  publisher={Cambridge University Press}
}

@misc{yfinance,
  author       = {Ran Aroussi},
  title        = {yfinance: Yahoo! Finance market data downloader},
  howpublished = {\url{https://github.com/ranaroussi/yfinance}},
  note         = {Accessed July 2025}
}

@article{wang2022quantum,
  title={Quantum Option Pricing Using Quantum Walks and Amplitude Estimation},
  author={Wang, Yifei and Zoufal, Christian and Woerner, Stefan},
  journal={arXiv preprint arXiv:2202.10401},
  year={2022}
}

@article{schuld2015introduction,
  title={An introduction to quantum machine learning},
  author={Schuld, Maria and Sinayskiy, Ilya and Petruccione, Francesco},
  journal={Contemporary Physics},
  volume={56},
  number={2},
  pages={172--185},
  year={2015},
  publisher={Taylor \& Francis}
}
